[gd_scene load_steps=40 format=2]

[ext_resource path="res://Scripts/Game.gd" type="Script" id=1]
[ext_resource path="res://Assets/game_bg.png" type="Texture" id=2]
[ext_resource path="res://Scenes/Snake.tscn" type="PackedScene" id=3]
[ext_resource path="res://Shaders/curtain.png" type="Texture" id=4]
[ext_resource path="res://Assets/lose.png" type="Texture" id=5]
[ext_resource path="res://Assets/stones_4.png" type="Texture" id=6]
[ext_resource path="res://Assets/greenery_4.png" type="Texture" id=7]
[ext_resource path="res://Assets/stones_6.png" type="Texture" id=8]
[ext_resource path="res://Assets/wooden_large.png" type="Texture" id=9]
[ext_resource path="res://Scenes/Button.tscn" type="PackedScene" id=10]
[ext_resource path="res://Assets/long.png" type="Texture" id=11]
[ext_resource path="res://Fonts/Deadly Cute.otf" type="DynamicFontData" id=12]
[ext_resource path="res://Assets/red-apple.png" type="Texture" id=13]
[ext_resource path="res://Assets/pear.png" type="Texture" id=14]
[ext_resource path="res://Assets/peach.png" type="Texture" id=15]
[ext_resource path="res://Assets/black-berry-light.png" type="Texture" id=16]
[ext_resource path="res://Assets/orange.png" type="Texture" id=17]
[ext_resource path="res://Assets/small.png" type="Texture" id=18]
[ext_resource path="res://Assets/fruits.png" type="Texture" id=19]
[ext_resource path="res://Sound/correct.wav" type="AudioStream" id=20]
[ext_resource path="res://Sound/wrong2.wav" type="AudioStream" id=21]
[ext_resource path="res://Assets/Board.png" type="Texture" id=22]
[ext_resource path="res://Assets/list_medium.png" type="Texture" id=23]
[ext_resource path="res://Sound/TX81Z - Papal Bell-G2.wav" type="AudioStream" id=24]
[ext_resource path="res://Sound/TX81Z - Papal Bell-G4.wav" type="AudioStream" id=25]
[ext_resource path="res://Sound/main_theme2.wav" type="AudioStream" id=26]
[ext_resource path="res://Assets/time.png" type="Texture" id=27]

[sub_resource type="Shader" id=1]
code = "shader_type canvas_item;
render_mode unshaded;

uniform float cutoff : hint_range(0.0, 1.0);
uniform float smooth_size : hint_range(0.0, 1.0);
uniform sampler2D mask : hint_albedo;

//https://thebookofshaders.com/
void fragment() {
	float value = texture(mask, UV).r;
	float alpha = smoothstep(cutoff, cutoff + smooth_size, value * (1.0 - smooth_size) + smooth_size);//step(cutoff, value);
	COLOR = vec4(COLOR.rgb, alpha);
	
}

/*
void fragment() {
	float value = texture(mask, UV).r;
	if(value < cutoff) {
		COLOR = vec4(COLOR.rgb, 1.0);
	}
	else if(value < cutoff + 0.1) {
		COLOR = vec4(COLOR.rgb, (cutoff + 0.1 - value) / 0.1 );
	}
	else {
		COLOR = vec4(COLOR.rgb, 0.0);
	}
}
*/
"

[sub_resource type="ShaderMaterial" id=2]
shader = SubResource( 1 )
shader_param/cutoff = 1.0
shader_param/smooth_size = 0.218
shader_param/mask = ExtResource( 4 )

[sub_resource type="Animation" id=3]
resource_name = "Cooldown"
length = 5.0
tracks/0/type = "value"
tracks/0/path = NodePath("Cooldown/ProgressBar:value")
tracks/0/interp = 1
tracks/0/loop_wrap = true
tracks/0/imported = false
tracks/0/enabled = true
tracks/0/keys = {
"times": PoolRealArray( 0, 5 ),
"transitions": PoolRealArray( 1, 1 ),
"update": 0,
"values": [ 0.0, 100.0 ]
}
tracks/1/type = "value"
tracks/1/path = NodePath("Question:position")
tracks/1/interp = 1
tracks/1/loop_wrap = true
tracks/1/imported = false
tracks/1/enabled = true
tracks/1/keys = {
"times": PoolRealArray( 0, 0.3, 4.5, 5 ),
"transitions": PoolRealArray( 1, 1, 1, 1 ),
"update": 0,
"values": [ Vector2( 0, 0 ), Vector2( -90, 280 ), Vector2( -90, 280 ), Vector2( 0, 0 ) ]
}
tracks/2/type = "value"
tracks/2/path = NodePath("Question:scale")
tracks/2/interp = 1
tracks/2/loop_wrap = true
tracks/2/imported = false
tracks/2/enabled = true
tracks/2/keys = {
"times": PoolRealArray( 0, 0.3, 4.5, 5 ),
"transitions": PoolRealArray( 1, 1, 1, 1 ),
"update": 0,
"values": [ Vector2( 1, 1 ), Vector2( 1.1, 1.1 ), Vector2( 1.1, 1.1 ), Vector2( 1, 1 ) ]
}
tracks/3/type = "value"
tracks/3/path = NodePath("Cooldown:visible")
tracks/3/interp = 1
tracks/3/loop_wrap = true
tracks/3/imported = false
tracks/3/enabled = true
tracks/3/keys = {
"times": PoolRealArray( 0, 5 ),
"transitions": PoolRealArray( 1, 1 ),
"update": 1,
"values": [ true, false ]
}
tracks/4/type = "method"
tracks/4/path = NodePath(".")
tracks/4/interp = 1
tracks/4/loop_wrap = true
tracks/4/imported = false
tracks/4/enabled = true
tracks/4/keys = {
"times": PoolRealArray( 2, 3, 4, 5 ),
"transitions": PoolRealArray( 1, 1, 1, 1 ),
"values": [ {
"args": [  ],
"method": "beep_start"
}, {
"args": [  ],
"method": "beep_start"
}, {
"args": [  ],
"method": "beep_start"
}, {
"args": [  ],
"method": "beep_start2"
} ]
}

[sub_resource type="Animation" id=4]
length = 0.5
tracks/0/type = "bezier"
tracks/0/path = NodePath("Curtain/ColorRect:material:shader_param/cutoff")
tracks/0/interp = 1
tracks/0/loop_wrap = true
tracks/0/imported = false
tracks/0/enabled = true
tracks/0/keys = {
"points": PoolRealArray( 0, -0.25, 0, 0.25, 0, 1, -0.25, 0, 0.25, 0 ),
"times": PoolRealArray( 0, 0.5 )
}

[sub_resource type="Animation" id=5]
resource_name = "Lose"
length = 4.0
tracks/0/type = "value"
tracks/0/path = NodePath("Pause/Wooden:position")
tracks/0/interp = 1
tracks/0/loop_wrap = true
tracks/0/imported = false
tracks/0/enabled = true
tracks/0/keys = {
"times": PoolRealArray( 0 ),
"transitions": PoolRealArray( 1 ),
"update": 0,
"values": [ Vector2( 289.936, 398.427 ) ]
}
tracks/1/type = "value"
tracks/1/path = NodePath("Pause/Button:position")
tracks/1/interp = 1
tracks/1/loop_wrap = true
tracks/1/imported = false
tracks/1/enabled = true
tracks/1/keys = {
"times": PoolRealArray( 0 ),
"transitions": PoolRealArray( 1 ),
"update": 0,
"values": [ Vector2( 180.207, 301.384 ) ]
}
tracks/2/type = "value"
tracks/2/path = NodePath("Pause/ButtonQuit:position")
tracks/2/interp = 1
tracks/2/loop_wrap = true
tracks/2/imported = false
tracks/2/enabled = true
tracks/2/keys = {
"times": PoolRealArray( 0 ),
"transitions": PoolRealArray( 1 ),
"update": 0,
"values": [ Vector2( 177.053, 423.892 ) ]
}
tracks/3/type = "value"
tracks/3/path = NodePath("Pause/SpritePause:position")
tracks/3/interp = 1
tracks/3/loop_wrap = true
tracks/3/imported = false
tracks/3/enabled = true
tracks/3/keys = {
"times": PoolRealArray( 0 ),
"transitions": PoolRealArray( 1 ),
"update": 0,
"values": [ Vector2( 290.978, 237.307 ) ]
}
tracks/4/type = "value"
tracks/4/path = NodePath("Pause/SpritePause:texture")
tracks/4/interp = 1
tracks/4/loop_wrap = true
tracks/4/imported = false
tracks/4/enabled = true
tracks/4/keys = {
"times": PoolRealArray( 0 ),
"transitions": PoolRealArray( 1 ),
"update": 1,
"values": [ ExtResource( 5 ) ]
}
tracks/5/type = "value"
tracks/5/path = NodePath("Pause:visible")
tracks/5/interp = 1
tracks/5/loop_wrap = true
tracks/5/imported = false
tracks/5/enabled = true
tracks/5/keys = {
"times": PoolRealArray( 0, 2.5 ),
"transitions": PoolRealArray( 1, 1 ),
"update": 1,
"values": [ false, true ]
}
tracks/6/type = "value"
tracks/6/path = NodePath("Points:position")
tracks/6/interp = 1
tracks/6/loop_wrap = true
tracks/6/imported = false
tracks/6/enabled = true
tracks/6/keys = {
"times": PoolRealArray( 0, 3.5, 4 ),
"transitions": PoolRealArray( 1, 1, 1 ),
"update": 0,
"values": [ Vector2( 0, 0 ), Vector2( 0, 0 ), Vector2( -800, 250 ) ]
}
tracks/7/type = "value"
tracks/7/path = NodePath("Points:scale")
tracks/7/interp = 1
tracks/7/loop_wrap = true
tracks/7/imported = false
tracks/7/enabled = true
tracks/7/keys = {
"times": PoolRealArray( 0, 3.5, 4 ),
"transitions": PoolRealArray( 1, 1, 1 ),
"update": 0,
"values": [ Vector2( 1, 1 ), Vector2( 1, 1 ), Vector2( 1.5, 1.5 ) ]
}
tracks/8/type = "method"
tracks/8/path = NodePath(".")
tracks/8/interp = 1
tracks/8/loop_wrap = true
tracks/8/imported = false
tracks/8/enabled = true
tracks/8/keys = {
"times": PoolRealArray( 0 ),
"transitions": PoolRealArray( 1 ),
"values": [ {
"args": [  ],
"method": "beep_dead"
} ]
}

[sub_resource type="Animation" id=6]
length = 3.5
tracks/0/type = "value"
tracks/0/path = NodePath("Start/LabelStart:text")
tracks/0/interp = 1
tracks/0/loop_wrap = true
tracks/0/imported = false
tracks/0/enabled = true
tracks/0/keys = {
"times": PoolRealArray( 0, 1, 2, 3 ),
"transitions": PoolRealArray( 1, 1, 1, 1 ),
"update": 1,
"values": [ "3", "2", "1", "GO!" ]
}
tracks/1/type = "method"
tracks/1/path = NodePath(".")
tracks/1/interp = 1
tracks/1/loop_wrap = true
tracks/1/imported = false
tracks/1/enabled = true
tracks/1/keys = {
"times": PoolRealArray( 0, 1, 2, 3 ),
"transitions": PoolRealArray( 1, 1, 1, 1 ),
"values": [ {
"args": [  ],
"method": "beep_start"
}, {
"args": [  ],
"method": "beep_start"
}, {
"args": [  ],
"method": "beep_start"
}, {
"args": [  ],
"method": "beep_start2"
} ]
}

[sub_resource type="DynamicFont" id=7]
font_data = ExtResource( 12 )

[sub_resource type="DynamicFont" id=8]
size = 12
font_data = ExtResource( 12 )

[sub_resource type="DynamicFont" id=9]
size = 30
font_data = ExtResource( 12 )

[sub_resource type="DynamicFont" id=10]
size = 50
font_data = ExtResource( 12 )

[sub_resource type="StyleBoxFlat" id=11]
bg_color = Color( 0.505882, 0, 0, 1 )

[sub_resource type="StyleBoxFlat" id=12]
bg_color = Color( 0.696385, 0.85098, 0.509804, 1 )

[node name="Game" type="Node2D"]
script = ExtResource( 1 )
__meta__ = {
"_edit_horizontal_guides_": [  ]
}
MAX_DIAGONAL_SLOPE = 1.2

[node name="Sprite" type="Sprite" parent="."]
position = Vector2( -473.028, -173.168 )
texture = ExtResource( 2 )
centered = false

[node name="Snake" parent="." instance=ExtResource( 3 )]
position = Vector2( 288, 430 )
z_index = 10

[node name="Button" type="Button" parent="."]
visible = false
margin_left = 116.533
margin_top = 612.123
margin_right = 173.535
margin_bottom = 632.123
text = "addTail"
__meta__ = {
"_edit_use_anchors_": false
}

[node name="LabelPosition" type="Label" parent="."]
visible = false
margin_left = 201.76
margin_top = 615.463
margin_right = 253.76
margin_bottom = 629.463
custom_colors/font_color = Color( 0.0509804, 0, 0, 1 )
text = "Position"
__meta__ = {
"_edit_use_anchors_": false
}

[node name="Camera2D" type="Camera2D" parent="."]
position = Vector2( 600, 350 )
current = true

[node name="Timer" type="Timer" parent="."]
one_shot = true

[node name="Curtain" type="Node2D" parent="."]
z_index = 100

[node name="ColorRect" type="ColorRect" parent="Curtain"]
material = SubResource( 2 )
margin_left = -597.604
margin_top = -540.692
margin_right = 1794.39
margin_bottom = 1147.31
color = Color( 0, 0, 0, 1 )
__meta__ = {
"_edit_use_anchors_": false
}

[node name="AnimationPlayer" type="AnimationPlayer" parent="."]
autoplay = "Curtain"
anims/Cooldown = SubResource( 3 )
anims/Curtain = SubResource( 4 )
anims/Lose = SubResource( 5 )
anims/Start = SubResource( 6 )

[node name="Decor" type="Node2D" parent="."]

[node name="D1" type="Sprite" parent="Decor"]
position = Vector2( 818.485, 614.994 )
texture = ExtResource( 6 )

[node name="D2" type="Sprite" parent="Decor"]
position = Vector2( 304.482, 209.52 )
texture = ExtResource( 6 )

[node name="D3" type="Sprite" parent="Decor"]
position = Vector2( 134.153, 203.491 )
texture = ExtResource( 7 )

[node name="D4" type="Sprite" parent="Decor"]
position = Vector2( 208.89, 455.07 )
texture = ExtResource( 7 )

[node name="D5" type="Sprite" parent="Decor"]
position = Vector2( 492.048, 328.754 )
texture = ExtResource( 7 )

[node name="D6" type="Sprite" parent="Decor"]
position = Vector2( 684.679, 239.28 )
texture = ExtResource( 7 )

[node name="D7" type="Sprite" parent="Decor"]
position = Vector2( 839.416, 191.912 )
texture = ExtResource( 7 )

[node name="D8" type="Sprite" parent="Decor"]
position = Vector2( 613.1, 507.701 )
texture = ExtResource( 7 )

[node name="D9" type="Sprite" parent="Decor"]
position = Vector2( 329.943, 594.017 )
texture = ExtResource( 7 )

[node name="D10" type="Sprite" parent="Decor"]
position = Vector2( 1082.57, 596.122 )
texture = ExtResource( 7 )

[node name="D11" type="Sprite" parent="Decor"]
position = Vector2( 546.785, 137.175 )
texture = ExtResource( 7 )

[node name="D12" type="Sprite" parent="Decor"]
position = Vector2( 1062.57, 58.2276 )
texture = ExtResource( 7 )

[node name="D13" type="Sprite" parent="Decor"]
position = Vector2( 90.9954, 466.648 )
texture = ExtResource( 7 )

[node name="D14" type="Sprite" parent="Decor"]
position = Vector2( 175.206, 646.648 )
texture = ExtResource( 7 )

[node name="D15" type="Sprite" parent="Decor"]
position = Vector2( 643.627, 641.385 )
texture = ExtResource( 7 )

[node name="D16" type="Sprite" parent="Decor"]
position = Vector2( 667.837, 462.438 )
texture = ExtResource( 7 )

[node name="D17" type="Sprite" parent="Decor"]
position = Vector2( 782.574, 334.017 )
texture = ExtResource( 8 )

[node name="D18" type="Sprite" parent="Decor"]
position = Vector2( 174.153, 336.122 )
texture = ExtResource( 8 )

[node name="D19" type="Sprite" parent="Decor"]
position = Vector2( 424.679, 66.6486 )
texture = ExtResource( 8 )

[node name="D20" type="Sprite" parent="Decor"]
position = Vector2( 440.469, 458.227 )
texture = ExtResource( 8 )

[node name="Pause" type="Node2D" parent="."]
visible = false
z_index = 50

[node name="ColorRect" type="ColorRect" parent="Pause"]
margin_left = -607.0
margin_top = -447.0
margin_right = 1885.0
margin_bottom = 1183.0
color = Color( 0, 0, 0, 0.129412 )
__meta__ = {
"_edit_use_anchors_": false
}

[node name="Wooden" type="Sprite" parent="Pause"]
position = Vector2( 289.936, 398.427 )
scale = Vector2( 0.35282, 0.318456 )
texture = ExtResource( 9 )

[node name="Button" parent="Pause" instance=ExtResource( 10 )]
position = Vector2( 180.207, 301.384 )
text = "Continue"
color = "Green"
offSetX = 88
offSetY = 50
disabled = true

[node name="ButtonQuit" parent="Pause" instance=ExtResource( 10 )]
position = Vector2( 177.053, 423.892 )
text = "Quit"
color = "Orange"
offSetX = 88
offSetY = 55
disabled = true

[node name="SpritePause" type="Sprite" parent="Pause"]
position = Vector2( 290.978, 237.307 )
scale = Vector2( 0.290654, 0.307847 )
texture = ExtResource( 5 )

[node name="ButtonPause" parent="." instance=ExtResource( 10 )]
position = Vector2( 103.682, 69.2008 )
scale = Vector2( 0.6, 0.6 )
text = ""
type = "Pause"
offSetX = 88
offSetY = 50
auto_lock = false

[node name="Question" type="Node2D" parent="."]
z_index = 25

[node name="Sprite" type="Sprite" parent="Question"]
position = Vector2( 526.07, 98.2414 )
scale = Vector2( 0.461978, 0.545828 )
texture = ExtResource( 11 )

[node name="LabelQuestion" type="Label" parent="Question"]
margin_left = 197.0
margin_top = 63.0
margin_right = 858.0
margin_bottom = 131.0
custom_fonts/font = SubResource( 7 )
text = "Wait for game to begin..."
align = 1
valign = 1
autowrap = true
__meta__ = {
"_edit_use_anchors_": false
}

[node name="List" type="Node2D" parent="."]

[node name="Table" type="Sprite" parent="List"]
position = Vector2( 988.394, 377.198 )
scale = Vector2( 0.235839, 0.358559 )
texture = ExtResource( 9 )

[node name="SPAnswer1" type="Sprite" parent="List"]
visible = false
position = Vector2( 911.835, 202.27 )
scale = Vector2( 1.16199, 1 )
texture = ExtResource( 13 )

[node name="SPAnswer2" type="Sprite" parent="List"]
visible = false
position = Vector2( 911.774, 285.918 )
scale = Vector2( 1.16199, 1 )
texture = ExtResource( 14 )

[node name="SPAnswer3" type="Sprite" parent="List"]
visible = false
position = Vector2( 914.503, 370.565 )
texture = ExtResource( 15 )

[node name="SPAnswer4" type="Sprite" parent="List"]
visible = false
position = Vector2( 913.002, 448.381 )
texture = ExtResource( 16 )

[node name="SPAnswer5" type="Sprite" parent="List"]
visible = false
position = Vector2( 914.669, 533.529 )
texture = ExtResource( 17 )

[node name="LabelAnswer1" type="Label" parent="List"]
visible = false
margin_left = 936.842
margin_top = 167.0
margin_right = 1071.84
margin_bottom = 238.0
custom_fonts/font = SubResource( 8 )
text = "Answer1"
align = 1
valign = 1
autowrap = true
__meta__ = {
"_edit_use_anchors_": false
}

[node name="LabelAnswer2" type="Label" parent="List"]
visible = false
margin_left = 936.842
margin_top = 253.316
margin_right = 1071.84
margin_bottom = 324.316
custom_fonts/font = SubResource( 8 )
text = "Answer2"
align = 1
valign = 1
autowrap = true
__meta__ = {
"_edit_use_anchors_": false
}

[node name="LabelAnswer3" type="Label" parent="List"]
visible = false
margin_left = 938.947
margin_top = 337.737
margin_right = 1073.95
margin_bottom = 408.737
custom_fonts/font = SubResource( 8 )
text = "Answer3"
align = 1
valign = 1
autowrap = true
__meta__ = {
"_edit_use_anchors_": false
}

[node name="LabelAnswer4" type="Label" parent="List"]
visible = false
margin_left = 936.842
margin_top = 416.473
margin_right = 1071.84
margin_bottom = 487.473
custom_fonts/font = SubResource( 8 )
text = "Answer4"
align = 1
valign = 1
autowrap = true
__meta__ = {
"_edit_use_anchors_": false
}

[node name="LabelAnswer5" type="Label" parent="List"]
visible = false
margin_left = 940.0
margin_top = 498.158
margin_right = 1075.0
margin_bottom = 569.158
custom_fonts/font = SubResource( 8 )
text = "Answer5"
align = 1
valign = 1
autowrap = true
__meta__ = {
"_edit_use_anchors_": false
}

[node name="Points" type="Node2D" parent="."]
z_index = 20

[node name="Sprite" type="Sprite" parent="Points"]
position = Vector2( 979.245, 97.6778 )
scale = Vector2( 0.13899, 0.112264 )
texture = ExtResource( 18 )

[node name="SpriteIcon" type="Sprite" parent="Points"]
position = Vector2( 926.274, 93.392 )
scale = Vector2( 0.837054, 0.848694 )
texture = ExtResource( 19 )

[node name="LabelPoints" type="Label" parent="Points"]
margin_left = 957.433
margin_top = 74.54
margin_right = 1046.43
margin_bottom = 119.54
custom_fonts/font = SubResource( 9 )
text = "0"
align = 1
valign = 1
__meta__ = {
"_edit_use_anchors_": false
}

[node name="AudioSwallow" type="AudioStreamPlayer" parent="Points"]
stream = ExtResource( 20 )
pitch_scale = 1.2

[node name="AudioWrong" type="AudioStreamPlayer" parent="Points"]
stream = ExtResource( 21 )
volume_db = -7.0

[node name="Board" type="Node2D" parent="."]

[node name="BoardBG" type="Sprite" parent="Board"]
position = Vector2( 488.296, 380.166 )
texture = ExtResource( 22 )

[node name="HTTPRequest" type="HTTPRequest" parent="."]

[node name="Start" type="Node2D" parent="."]
z_index = 75

[node name="SpStart" type="Sprite" parent="Start"]
position = Vector2( 496.536, 289.76 )
scale = Vector2( 0.200714, 0.149395 )
texture = ExtResource( 23 )

[node name="LabelStart" type="Label" parent="Start"]
margin_left = 412.0
margin_top = 219.0
margin_right = 583.0
margin_bottom = 361.0
custom_fonts/font = SubResource( 10 )
custom_colors/font_color = Color( 0, 0, 0, 1 )
text = "3"
align = 1
valign = 1

[node name="AudioStart" type="AudioStreamPlayer" parent="Start"]
stream = ExtResource( 24 )
volume_db = -20.297
pitch_scale = 1.2

[node name="AudioStart2" type="AudioStreamPlayer" parent="Start"]
stream = ExtResource( 25 )
volume_db = -23.276
pitch_scale = 0.4

[node name="AudioDead" type="AudioStreamPlayer" parent="Start"]
stream = ExtResource( 21 )
pitch_scale = 0.69

[node name="FruitsZone" type="Node2D" parent="."]

[node name="AudioStreamPlayer" type="AudioStreamPlayer" parent="."]
stream = ExtResource( 26 )
volume_db = 24.0

[node name="Cooldown" type="Node2D" parent="."]

[node name="ProgressBar" type="ProgressBar" parent="Cooldown"]
margin_left = 109.0
margin_top = 619.188
margin_right = 865.0
margin_bottom = 633.188
custom_styles/fg = SubResource( 11 )
custom_styles/bg = SubResource( 12 )
percent_visible = false
__meta__ = {
"_edit_use_anchors_": false
}

[node name="Sprite" type="Sprite" parent="Cooldown"]
position = Vector2( 893.628, 625.362 )
scale = Vector2( 0.192552, 0.185447 )
texture = ExtResource( 27 )

[node name="Node2D" type="Node2D" parent="."]
[connection signal="swiped" from="." to="Snake" method="_on_Game_swiped"]
[connection signal="pressed" from="Button" to="Snake" method="_on_Button_pressed"]
[connection signal="timeout" from="Timer" to="." method="_on_Timer_timeout"]
[connection signal="animation_finished" from="AnimationPlayer" to="." method="_on_AnimationPlayer_animation_finished"]
[connection signal="clicked" from="Pause/Button" to="." method="_on_Button_clicked"]
[connection signal="clicked" from="Pause/ButtonQuit" to="." method="_on_ButtonQuit_clicked"]
[connection signal="clicked" from="ButtonPause" to="." method="_on_ButtonPause_clicked"]
[connection signal="request_completed" from="HTTPRequest" to="." method="_on_HTTPRequest_request_completed"]
